@article{bubeck2014convex,
  title={Convex optimization: Algorithms and complexity},
  author={Bubeck, S{\'e}bastien},
  journal={arXiv preprint arXiv:1405.4980},
  year={2014}
}